@book{sivarama,
    Author="Sivarama P. Dandamudi",
    Title ="Guide to RISC Processors for Programmers and Engineers",
    Chapter={3},
    Year={2005},
    Publisher="Springer",
    ISBN={9780387210179}
}

@book{hennessy,
    Author="John L. Hennessy, David A. Patterson",
    Title="Computer Architecture, A Quantitative Approach",
    Edition={5},
    Year={2012},
    Publisher="Morgan Kaufmann",
    ISBN={9780123838728}
}

@book{patterson,
    Author="David A. Patterson, John L. Hennessy",
    Title="Computer Organization and Design",
    Edition={4},
    Year={2012},
    Publisher="Morgan Kaufmann",
    ISBN={9780123747501}
}

@book{wolf,
    Author="Wayne Wold",
    Title="Computers as Components",
    Edition={2},
    Year={2008},
    Publisher="Morgan Kaufmann",
    ISBN={9780123743978}
}

@url{7cpu,
    Author = {Unknown},
    Title = {7-cpu.com},
    howpublished = {\url{http://www.7-cpu.com/cpu/Cortex-A9.html}},
    Urldate = {09/10/2013}
}

@url{armtech,
    Author = {ARM},
    Title = {Cortex-A9 Technical Reference Manual revision r3p0},
    howpublished = {\url{http://infocenter.arm.com/help/topic/com.arm.doc.ddi0388g/DDI0388G\_cortex\_a9\_r3p0\_trm.pdf}},
    Urldate = {09/10/2013}
}

@url{odroid-x2,
    Author = {Hardkernel},
    Title = {hardkernel.com},
    howpublished = {\url{http://www.hardkernel.com/renewal\_2011/products/prdt\_info.php?g\_code=G135235611947}},
    Urldate = {10/29/2013}
}


